
%%
%% FSI
%%
@article{fernandez03:_newton_1,
     AUTHOR = {Fern{\'a}ndez, M.A. and Moubachir, M.},
     TITLE = {An exact block-{N}ewton algorithm for solving fluid-structure interaction problems},
    JOURNAL = {C. R. Math. Acad. Sci. Paris},
    VOLUME = 336,
    YEAR = 2003,
    NUMBER = 8,
    PAGES = {681--686}
 }
 
 
@article{fernandez03:_newton_2,
     AUTHOR = {Fern{\'a}ndez, M.A. and Moubachir, M.},
     TITLE = {{N}ewton methods using exact jacobians for solving fluid-structure coupling},
     YEAR = 2003,
     NOTE = {In preparation}
 }

%%
%% NavierStokes
%%

@Article{gauthier03:_navier_stokes,
  author = 	 {A. Gauthier and F. Saleri and A. Veneziani},
  title = 	 {A fast preconditioner for the incompressible {N}avier-{S}tokes equations},
  journal = 	 {Computing and Visualization in Science (CVS)},
  year = 	 2003,
  note = 	 {To appear. \url{http://www.lifev.org/documentation/GSV.ps.gz}},
  annote = 	 {}
}

%%
%% Darcy
%%

@PhdThesis{vmartin04:_darcy,
  author =       {V. Martin},
  title =        {Multidomain Simulations of Flow in Porous Media. },
  school =       {Universit\'e Paris IX Dauphine},
  year =         {March 2004},
  note =         {Partly in French, \url{http://www-rocq.inria.fr/~vmartin/These-MartinVincent.ps.gz}}
}

@TechReport{rr5131:_darcy,
  author =      {R. Di Cosmo and P. Weis and Zheng Li and F. Cl\'ement and V. Martin and A. Vodicka},
  title =        {Parallel programming with the OcamlP3l system with application to coupling
numerical codes},
  institution =  {Inria},
  year =         {2003},
  type =      {Research Report},
  number =    {5131},
  address =   {Rocquencourt, France},
  note =     {\url{http://www.inria.fr/rrrt/rr-5131.html}}
}


%%
%% Computer Science
%%
@book{Stroustrup:2000,
  author	= {Bjarne Stroustrup},
  title		= {{The C++ Programming Language, Special Edition}},
  publisher	= {Addison-Wesley Verlag},
  year		= 2000,
  address	= {Boston},
  isbn		= {0-201-70073-5}
}

@Book{Saad:1992:NML,
  author =       "Y. Saad",
  key =          "Saad",
  title =        "Numerical Methods for Large Eigenvalue Problems",
  publisher =    "Halstead Press",
  address =      "New York",
  year =         "1992",
  bibsource =    "ftp://ftp.math.utah.edu/pub/bibnet/authors/s/saad-yousef.bib",
}


@Misc{02:_lifev_projec,
  key =		 {lifev},
  author =	 {L. Formaggia  and M. Fernandez and A. Gauthier and J.F. Gerbeau and C. Prud'homme and Alessandro Veneziani},
  title =	 {The {L}ife{V} {P}roject},
  howpublished = {Web},
  year =	 {2002-2004},
  note =	 {\url{http://www.lifev.org}}
}

@Manual{formaggia:_lifev_dev_manual,
  title = 	 {LifeV Developer Manual},
  key =		 {lifev-dev},
  author =	 {L. Formaggia  and J.F. Gerbeau and C. Prud'homme},
  organization = {The {L}ife{V} {P}roject},
  note =	 {\url{http://www.lifev.org/documentation/lifev-dev.pdf}}
}

