@Book{Saad:1992:NML,
  author =       "Y. Saad",
  key =          "Saad",
  title =        "Numerical Methods for Large Eigenvalue Problems",
  publisher =    "Halstead Press",
  address =      "New York",
  year =         "1992",
  bibsource =    "ftp://ftp.math.utah.edu/pub/bibnet/authors/s/saad-yousef.bib",
}
