%%
%% Computer Science
%%
@book{Stroustrup:2000,
  author	= {Bjarne Stroustrup},
  title		= {{The C++ Programming Language, Special Edition}},
  publisher	= {Addison-Wesley Verlag},
  year		= 2000,
  address	= {Boston},
  isbn		= {0-201-70073-5}
}
@BOOK{Gamma1995,
  AUTHOR = {Erich Gamma and Richard Helm and Ralph Johnson and John Vlissides},
  TITLE = {Design Patterns: Elements of Reusable Object-Oriented Software},
  YEAR = 1995,
  PUBLISHER = {{ Addison-Wesley} Publishing Company},
  SERIES = {{ Addison-Wesley} Professional Computing Series},
  ADDRESS = {New York, NY},
  QUERY = {http://www.google.com/search?q=%22Design+Patterns:+Elements+od+Reusable+Object-Oriented+Software%22}
}
@book{koenig-moo:2000,
  author = "Andrew Koenig and Barbara E. Moo",
  title = "Accelerated {C++}: practical programming by example",
  publisher = "Adison-Wesley",
  address = "Massachussets",
  year = "2000",
  note = ""
}
