%%
%% FSI
%%
@article{fernandez03:_newton_1,
     AUTHOR = {Fern{\'a}ndez, M.A. and Moubachir, M.},
     TITLE = {An exact block-{N}ewton algorithm for solving fluid-structure interaction problems},
    JOURNAL = {C. R. Math. Acad. Sci. Paris},
    VOLUME = 336,
    YEAR = 2003,
    NUMBER = 8,
    PAGES = {681--686}
 }
 
 
@article{fernandez03:_newton_2,
     AUTHOR = {Fern{\'a}ndez, M.A. and Moubachir, M.},
     TITLE = {{N}ewton methods using exact jacobians for solving fluid-structure coupling},
     YEAR = 2003,
     NOTE = {In preparation}
 }

%%
%% NavierStokes
%%

@Article{gauthier03:_navier_stokes,
  author = 	 {A. Gauthier and F. Saleri and A. Veneziani},
  title = 	 {A fast preconditioner for the incompressible {N}avier-{S}tokes equations},
  journal = 	 {Computing and Visualization in Science (CVS)},
  year = 	 2003,
  note = 	 {To appear. \url{http://www.lifev.org/documentation/GSV.ps.gz}},
  annote = 	 {}
}
