
%%
%% heatns
%%
@InBook{guermond:06,
author="J.-L. GUERMOND",
title="{Fluid Mechanics: Numerical Methods.}",
edition="{Ecyclopedia of Mathematical Physics,  eds. J.-P. Fran\c{c}oise, G.L. Naber, and Tsou S.T. , (ISBN 978-0-1251-2666-3), volume 2}",
publisher = 	 {Oxford: Elsevier},
pages = 	 {365--374},
year=2006,
},

@Book{incropera07:_fundam_of_heat_and_mass_trans,
author={Incropera and DeWitt and Bergman and Lavine},
title={Fundamentals of heat and mass transfer},
publisher = 	 {Wiley},
year=2007,
  edition = 	 6,
},
@Misc{wikip,
  title = 	 {Wikipedia},
  howpublished = {\url{http://fr.wikipedia.org}}}


