@TechReport{schaefer:1996,
  author =       {M. Sch{\"a}fer and S. Turek},
  title =        { Benchmark Computations of Laminar Flow Around a
                  Cylinder },
  institution =  {Institut f{\"u}r Angewandte Mathematik,
                  Universit{\"a}t Heidelberg INF 294, D-69120
                  Heidelberg, Germany},
  year =         {1996},
  OPTkey =       {},
  OPTtype =      {},
  OPTnumber =    {},
  OPTaddress =   {},
  OPTmonth =     {},
  OPTnote =      {},
  OPTannote =    {}
}


@incollection {tabata:1998,
    AUTHOR = {Tabata, M.},
     TITLE = {A convergence property of drag and lift coefficients obtained
              by surface integral computation},
 BOOKTITLE = {Recent developments in domain decomposition methods and flow
              problems (Kyoto, 1996; Anacapri, 1996)},
    SERIES = {GAKUTO Internat. Ser. Math. Sci. Appl.},
    VOLUME = {11},
     PAGES = {269--275},
 PUBLISHER = {Gakk\=otosho},
   ADDRESS = {Tokyo},
      YEAR = {1998},
   MRCLASS = {76D05 (76M10)},
  MRNUMBER = {MR1661579 (99h:76024)},
}

@article {john:2002,
    AUTHOR = {John, Volker},
     TITLE = {Higher order finite element methods and multigrid solvers in a
              benchmark problem for the 3{D} {N}avier-{S}tokes equations},
   JOURNAL = {Internat. J. Numer. Methods Fluids},
  FJOURNAL = {International Journal for Numerical Methods in Fluids},
    VOLUME = {40},
      YEAR = {2002},
    NUMBER = {6},
     PAGES = {775--798},
      ISSN = {0271-2091},
     CODEN = {IJNFDW},
   MRCLASS = {76M10 (76D05)},
  MRNUMBER = {MR1928952 (2003h:76092)},
}

@Misc{braack:2004,
  author =       {Braack, Malte},
  title =        {Solution of complex flow problems: mesh- and model adaptation with stabilized finite elements},
  howpublished = {Habilitation thesis, Universit\"at Heidelberg},
  year =         2004
}

@Article {braack:2005,
    AUTHOR = {Braack, Malte and Richter, Thomas},
     TITLE = {Solutions of 3{D} {N}avier-{S}tokes Benchmark Problems with Adaptive Finite Elements},
   JOURNAL = {Computers and Fluids},
      YEAR = {2006},
    VOLUME = {35},
    NUMBER = {4},
     PAGES = {372--392},
}
